@article{LFDSurvey,
  title = "A survey of robot learning from demonstration",
  journal = "Robotics and Autonomous Systems",
  volume = "57",
  number = "5",
  pages = "469 - 483",
  year = "2009",
  author = "Brenna D. Argall and Sonia Chernova and Manuela Veloso and Brett Browning"
}

@INPROCEEDINGS{JenkinsLFD, 
  author={Grollman, D.H. and Jenkins, O.C.}, 
  booktitle={Robotics and Automation, 2008. ICRA 2008. IEEE International Conference on}, 
  title={Sparse incremental learning for interactive robot control policy estimation}, 
  year={2008}, 
  month={may}, 
  pages={3315 -3320},
}

@INPROCEEDINGS{POMDPGesture, 
  author={Darrell, T. and Pentland, A.}, 
  booktitle={Pattern Recognition, 1996., Proceedings of the 13th International Conference on}, 
  title={Active gesture recognition using partially observable Markov decision processes}, 
  year={1996}, 
  month={aug}, 
  volume={3},
  pages={984 -988 vol.3}
}

@inproceedings{InverseRL,
 author = {Abbeel, Pieter and Ng, Andrew Y.},
 title = {Apprenticeship learning via inverse reinforcement learning},
 booktitle = {Proceedings of the twenty-first international conference on Machine learning},
 series = {ICML '04},
 year = {2004},
 publisher = {ACM},
 address = {New York, NY, USA},
}

@INPROCEEDINGS{TAMER, 
  author={Knox, W.B. and Stone, P.}, 
  booktitle={Development and Learning, 2008. ICDL 2008. 7th IEEE International Conference on}, 
  title={TAMER: Training an Agent Manually via Evaluative Reinforcement}, 
  year={2008}, 
  month={aug.}, 
  pages={292 -297},
}

@INPROCEEDINGS{AdviceTaking,
  author = {Richard Maclin and Jude W. Shavlik and Pack Kaelbling},
  title = {Creating Advice-Taking Reinforcement Learners},
  booktitle = {Machine Learning},
  year = {1996},
  pages = {251--281}
}

@inbook{DemonstrationRL,
  title={Integrating Reinforcement Learning with Human Demonstrations of Varying Ability},
  booktitle={Proceedings of the 10th International Conference on Autonomous Agents and Multiagent Systems AAMAS 2011},
  publisher={AAMAS},
  author={Taylor, Matthew E and Suay, Halit Bener and Chernova, Sonia},
  year={2011},
  pages={617--624}
}

@article{Clicker,
  title={Robotic clicker training},
  volume={38},
  number={3-4},
  journal={Robotics and Autonomous Systems},
  publisher={Elsevier},
  author={Kaplan, Frédéric and Oudeyer, Pierre-Yves and Kubinyi, Enikő and Miklósi, Ádám},
  year={2002},
  pages={197--206}
}

@inproceedings{TeacherRL,
 author = {Thomaz, Andrea L. and Breazeal, Cynthia},
 title = {Reinforcement learning with human teachers: evidence of feedback and guidance with implications for learning performance},
 booktitle = {Proceedings of the 21st national conference on Artificial intelligence - Volume 1},
 series = {AAAI'06},
 year = {2006},
 pages = {1000--1005},
 publisher = {AAAI Press},
} 
